%%% IMPORTANTE: para introducir palabras entre comillas en el interior de un
%%% título u otra entrada en este archivo (titulo de "ejemplo"), se debe
%%% utilizar los siguientes caracteres (titulo de ``ejemplo'').


%%% Articulos

@article{Parker2003,
  author={Parker, L. E.},
  title={Current research in multirobot systems},
  journal={Artificial Life and Robotics},
  year={2003},
  month={Mar},
  day={01},
  volume={7},
  number={1},
  pages={1-5},
  issn={1614-7456},
  doi={10.1007/BF02480877},
  url={https://doi.org/10.1007/BF02480877}
}

%%%author={Arai, Tamio and Parker, Lynne},
%%%author={Arai, T. aynd Parker, L.},
@article{Arai2003,
  author={Arai, T. and Parker, L.},
  year={2003},
  month={02},
  title={Editorial: Advances in Multi-Robot Systems}
}

%%%author={Verma, Janardan Kumar and Ranga, Virender
@article{Verma2021,
  author={Verma, J. K. and Ranga, V.},
  title={Multi-Robot Coordination Analysis, Taxonomy, Challenges and Future Scope},
  journal={Journal of Intelligent \& Robotic Systems},
  year={2021},
  month={Apr},
  day={16},
  volume={102},
  number={1},
  pages={10},
  issn={1573-0409},
  doi={10.1007/s10846-021-01378-2},
  url={https://doi.org/10.1007/s10846-021-01378-2}
}

%%%author={Weihua Sheng and Qingyan Yang and Jindong Tan and Ning Xi},
%%%author={Sheng, W., Yang, Q., Tan, J. y Xi, N.},
@article{Sheng2006,
  author={Sheng, W. and Yang, Q. and Tan, J. and Xi, N.},
  title={Distributed multi-robot coordination in area exploration},
  journal={Robotics and Autonomous Systems},
  volume={54},
  number={12},
  pages={945-955},
  year={2006},
  issn={0921-8890},
  doi={https://doi.org/10.1016/j.robot.2006.06.003},
  url={https://www.sciencedirect.com/science/article/pii/S092188900600114X},
  keywords={Multi-robot coordination, Exploration}
}

%%%author={Alami, R. and Fleury, S. and Herrb, M. and Ingrand, F. and Robert, F.},
%%%author={Alami, R., Fleury, S., Herrb, M., Ingrand, F. y Robert, F.},
@article{Alami1998,
  author={Alami, R. and Fleury, S. and Herrb, M. and Ingrand, F. and Robert, F.},
  journal={IEEE Robotics \& Automation Magazine},
  title={Multi-robot cooperation in the MARTHA project},
  year={1998},
  volume={5},
  number={1},
  pages={36-47},
  doi={10.1109/100.667325}
}

%%%author={Fox, Dieter and Burgard, Wolfram and Kruppa, Hannes and Thrun, Sebastian},
%%%author={Fox, D., Burgard, W., Kruppa, H. y Thrun, S.},
@article{Fox2000,
  author={Fox, D. and Burgard, W. and Kruppa, H. and Thrun, S.},
  title={A Probabilistic Approach to Collaborative Multi-Robot Localization},
  journal={Autonomous Robots},
  year={2000},
  month={Jun},
  day={01},
  volume={8},
  number={3},
  pages={325-344},
  issn={1573-7527},
  doi={10.1023/A:1008937911390},
  url={https://doi.org/10.1023/A:1008937911390}
}

%%% Tesis
@phdthesis{vega2018,
  author={Vega, J. M.},
  title={Educational framework using robots with vision for constructivist teaching {Robotics} to pre-university students},
  type={Doctoral thesis on Computer Science and Artificial Intelligence},
  school={University of Alicante},
  year={2018},
  month={September},
  ps={https://gsyc.urjc.es/jmvega/research/pubs/2018-Thesis-JulioVega.pdf},
  pdf={https://gsyc.urjc.es/jmvega/research/pubs/2018-Thesis-Defense-JulioVega.pdf},
  dvi={http://hdl.handle.net/10045/90414},
  http={https://www.educacion.es/teseo/mostrarRef.do?ref=1704702}
}

%%% Congresos
%%%author={Chaimowicz, L., Sugar, T., Kumar, V. y Campos, M.F.M.},
@inproceedings{Chaimowicz2001,
  author={Chaimowicz, L. and Sugar, T. and Kumar, V. and Campos, M.F.M.},
  booktitle={Proceedings 2001 ICRA. IEEE International Conference on Robotics and Automation (Cat. No.01CH37164)}, 
  title={An architecture for tightly coupled multi-robot cooperation}, 
  year={2001},
  volume={3},
  number={},
  pages={2992-2997 vol.3},
  doi={10.1109/ROBOT.2001.933076}
}

%%%author={Trawny, Nikolas and Roumeliotis, Stergios I. and Giannakis, Georgios B.},
%%%author={Trawny, N., Roumeliotis, S. I. y Giannakis, G. B.},
@inproceedings{Trawny2009,
  author={Trawny, N. and Roumeliotis, S. I. and Giannakis, G. B.},
  booktitle={2009 IEEE International Conference on Robotics and Automation}, 
  title={Cooperative multi-robot localization under communication constraints}, 
  year={2009},
  volume={},
  number={},
  pages={4394-4400},
  doi={10.1109/ROBOT.2009.5152606}
}

%%% Decretos y leyes
@legislation{Decreto2014,
  title={Decreto 89/2014, de 24 de julio, por el que se establece para la Comunidad de Madrid el currículo de la Educación Primaria},
 	shorttitle={Decreto 89/2014 de 24 de julio},
	url={https://gestiona.comunidad.madrid/wleg_pub/servlet/Servidor?opcion=VerHtml&nmnorma=8620},
 	number={89/2014},
 	langid={spanish},
 	date={2014-07-24},
  author={C. Madrid},
  year={2014},
  note={Boletín Oficial de la Comunidad de Madrid, 175, de 25 de Julio de 2014}
}
%%%author={Comunidad de Madrid},
%%%year={2014},

@legislation{Decreto2015,
  title={Decreto 48/2015, de 14 de mayo, por el que se establece para la Comunidad de Madrid el currículo de la Educación Secundaria Obligatoria},
 	shorttitle={Decreto 48/2015, de 14 de mayo},
  url={https://gestiona.comunidad.madrid/wleg_pub/servlet/Servidor?opcion=VerHtml&nmnorma=8934},
 	number={48/2015},
 	langid={spanish},
 	date={2015-05-14},
  author={C. Madrid},
  year={2015},
  note={Boletín Oficial de la Comunidad de Madrid, 118, de 20 de mayo de 2015}
}
%%%author={Comunidad de Madrid},
%%%year={2015},

@misc{EducacionRob,
  title={Programación, robótica y pensamiento computacional en el aula. Situación en España y propuesta normativa},
  author={Ministerio de Educación, Formación Profesional y Deportes, Instituto Nacional de Tecnologías Educativas y de Formación del Profesorado},
  url={https://code.intef.es/wp-content/uploads/2017/09/Fase-2-Informe-sobre-la-situaci%C3%B3n-en-Espa%C3%B1a-actualizado-y-propuesta-normativa-inf-y-prim.pdf},
  year={2018}
}



%%% Páginas web / imágenes (cap1)

@artwork{perseverance_ingenuity,
	title = {Perseverance and Ingenuity},
	rights = {Attribution-NonCommercial License},
	url = {https://www.flickr.com/photos/24354425@N03/51101804836/},
	author = {Rankin, Stuart},
	date = {2021-04-08},
  year={2021},
	keywords = {8april2021, dust, edited, haze, helicopter, ingenuity, jezerocrater, mars, nasa, panorama, perseverance, rocks, sand, selfportrait, sky, tracks, wheeltracks}
}

@online{atlas_spot,
	title = {Entire Boston Dynamics robot line-up dances in the new year},
	url = {https://newatlas.com/robotics/entire-boston-dynamics-robot-dances-spot-atlas-handle/},
	titleaddon = {New Atlas},
  author = {Haridy, Rich},
	date = {2020-12-29},
  year={2020},
	langid = {american},
	note = {Section: Robotics}
}

@artwork{arduino_uno,
	title = {A Arduino Uno board.},
	url = {https://commons.wikimedia.org/wiki/File:Arduino-uno-perspective-whitw.jpg},
	shorttitle = {English},
	author = {JotaCartas},
	date = {2011-04-18},
  year={2011}
}

@online{arduino_scratch_code,
	title = {Mbot2 mblock raw code line follower},
	url = {https://commons.wikimedia.org/wiki/File:Mbot2mblockCodiceSeguiLineaRudimentale.png},
	shorttitle = {File},
	author = {Mattruffoni},
	date = {2023-08-21},
  year={2023},
	langid = {english}
}

@artwork{ros_ros2,
	title = {Arquitectura de ROS 1 i ROS 2, basada en l'article ``Exploring the performance of ROS2'' (DOI: 10.1145/2968478.2968502).},
	url = {https://commons.wikimedia.org/wiki/File:Arquitectura_de_ROS.svg},
	shorttitle = {Català},
	author = {Auledas},
	date = {2024-02-10},
  year = {2024}
}

@online{multirobot_navigation,
	title = {The Hybrid Reciprocal Velocity Obstacle (HRVO)},
	url = {https://gamma.cs.unc.edu/HRVO/},
	titleaddon = {The Hybrid Reciprocal Velocity Obstacle (HRVO)},
  date={2021-01-04},
  year={2021},
	author = {Snape, J. and van den Berg, J. and J. Guy, S. and Manocha, D.}
}
%%%	author = {Snape, Jamie and van den Berg, Jur and J. Guy, Stephen and Manocha, Dinesh}


%%% Páginas web / imágenes (cap3)

%%%file={About - TurtleBot:/home/usanz/Zotero/storage/RIVCF8DS/about.html:text/html},
%%%online{turtlebots,
%%%	title={About - {TurtleBot}},
%%%	url={https://www.turtlebot.com/about/},
%%%	author={Open Source Robotics Foundation, Inc}
%%%}


%%%file={Snapshot:/home/usanz/Zotero/storage/B2KSPELU/kobuki.html:text/html},
@online{kobuki_base,
	title={Kobuki},
	url={https://robots.ros.org/kobuki/},
	author={ROS, ORG},
	abstract={An index of ROS Robots},
	titleaddon={robots.ros.org},
	langid={english}
}

%%%file={TurtleBot2:/home/usanz/Zotero/storage/K4WRKRS3/turtlebot2.html:text/html}
%%%online{turtlebot2,
%%%	title={{TurtleBot}2},
%%%	url={https://www.turtlebot.com/turtlebot2/},
%%%	author={Open Source Robotics Foundation, Inc}
%%%}


%%%file={TurtleBot:/home/usanz/Zotero/storage/X4GQWZJS/www.turtlebot.com.html:text/html},
@online{turtlebot4,
	title={TurtleBot},
	url={https://www.turtlebot.com/},
	author={OSRF}
}
%%%author={Open Source Robotics Foundation, Inc},	

%%%file={HP PROBOOK 440 G6 LAPTOP:/home/usanz/Zotero/storage/QVLZDLBX/You - 2019 - HP PROBOOK 440 G6 LAPTOP.jpg:image/jpg},
@artwork{hp_probook,
	title={HP PROBOOK 440 G6 LAPTOP},
	rights={Attribution-NoDerivs License},
	url={https://www.flickr.com/photos/thebetterday4u/47332699541/},
	abstract={HP PROBOOK 440 G6 LAPTOP},
	author={You, H. S.},
	date={2019-03-10},
	year={2019},
	keywords={440, accoutn, computer, fingerprint, g6, hp, hplaptop, laptop, notebook, pc, probook, probooklaptop, setup, win10, windows10}
}

%%%file={Wikimedia Snapshot:/home/usanz/Zotero/storage/VUEE882Z/FileRaspberry_Pi_4_B.html:text/html},
%%%author={Team, Batocera},
@artwork{raspberry_pi_4b,
	title={File:Raspberry Pi 4 B.png},
	url={https://commons.wikimedia.org/wiki/File:Raspberry_Pi_4_B.png},
	shorttitle={English},
	author={Team, Batocera},
	date={2022-08-10},
	year={2022}
}

%%%file={Snapshot:/home/usanz/Zotero/storage/QCYFNLUQ/asus-rog-rapture-gt-axe1600.html:text/html},
@online{asus_router,
	title={Asus ROG Rapture GT-AXE1600 Review},
	url={https://www.trustedreviews.com/reviews/asus-rog-rapture-gt-axe1600},
	abstract={If you need the latest networking standards, including 10 Gigabit Ethernet and Wi-Fi 6E, the Asus {ROG} Rapture {GT}-{AXE}1600 could be for you.},
	titleaddon={Trusted Reviews},
	author={Ludlow, David},
	date={2023-04-27},
	year={2023},
	langid={english}
}

%%%file={Snapshot:/home/usanz/Zotero/storage/8ZEXRXVL/26774.html:text/html},
%%%abstract={Dear ROS developers, last month we released three new {ROS} courses as well as updated two courses. Here are the course descriptions and links:  New course: Intermediate {ROS}2 Start learning: https://app.theconstructsim.com/Course/113  Take your {ROS}2 knowledge to the next level. You will learn:   How to create different types of launch files in {ROS}2 How to work with parameters in {ROS}2 Threading in {ROS}2 How to manage callbacks in {ROS}2 Understand Quality of Service ({QoS}) in {ROS}2 Understand {DDS} in {ROS}...},
@online{gazebo,
	title={New ROS online courses: Gazebo Simulator, Intermediate ROS2, TF ROS2},
	url={https://discourse.ros.org/t/new-ros-online-courses-gazebo-simulator-intermediate-ros2-tf-ros2/26774},
	author={Yuhong, Lin},
  shorttitle={New ROS online courses},
	titleaddon={ROS Discourse},
	date={2022-08-04},
	year={2022},
	langid={english},
	note={Section: Training \& Education}
}

%%%file={Wikimedia Snapshot:/home/usanz/Zotero/storage/MG2DXCZY/FileHSV_cone.html:text/html},
%%%author={(3ucky(3all},
@artwork{hsv_cone,
	title={File:HSV cone.png},
	rights={Permission is granted to copy, distribute and/or modify this document under the terms of the GNU Free Documentation License, Version 1.2 or any later version published by the Free Software Foundation; with no Invariant Sections, no Front-Cover Texts, and no Back-Cover Texts. A copy of the license is included in the section entitled GNU Free Documentation License.http://www.gnu.org/copyleft/fdl.{htmlGFDLGNU} Free Documentation Licensetruetrue},
	url={https://commons.wikimedia.org/wiki/File:HSV_cone.png},
	author={BuckyBall},
	date={2006-07-13},
	year={2006},
  shorttitle={English}
}

%%%file={Snapshot:/home/usanz/Zotero/storage/9QGURHQ5/FileMatl.html:text/html},
@inreference{rgb_mat,
	title={File:Matl.jpg},
	rights={Creative Commons Attribution-ShareAlike License},
	url={https://en.wikipedia.org/w/index.php?title=File:Matl.jpg&oldid=449974156},
	author={Wiki300},
	shorttitle={File},
	booktitle={Wikipedia},
	date={2011-09-12},
	year={2011},
	langid={english},
	note={Page Version ID: 449974156}
}

%%%file={Comparing the Performance of Zenoh, MQTT, Kafka, and DDS · Zenoh - pub/sub, geo distributed storage, query:/home/usanz/Zotero/storage/ZFGMFEF8/2023-03-21-zenoh-vs-mqtt-kafka-dds.html:text/html},
@online{zenoh_performance,
	title={Comparing the Performance of Zenoh, MQTT, Kafka, and DDS},
  author={Eclipse and ZettaScale},
	date={2023-03-21},
	year={2023},
	url={https://zenoh.io/blog/2023-03-21-zenoh-vs-mqtt-kafka-dds/}
}
%author={Eclipse Foundation and ZettaScale Technology SARL},

